<?xml version="1.0" encoding="UTF-8"?><collection xmlns="http://www.loc.gov/MARC21/slim"><record><leader>00427nam--2200157-i-4500</leader><controlfield tag="001">000013304</controlfield><controlfield tag="002">20161230</controlfield><controlfield tag="005">20170221013351</controlfield><controlfield tag="008">060222s1000------------r-----000-0-eng-d</controlfield><datafield ind1=" " ind2=" " tag="100"><subfield code="a">Cristea, Paul</subfield></datafield><datafield ind1=" " ind2=" " tag="245"><subfield code="a">Bazele electrotehnicii. Vol.1: Electrodinamica</subfield></datafield><datafield ind1=" " ind2=" " tag="260"><subfield code="a">Bucuresti</subfield><subfield code="b">Editura Didactica Si Pedagogica</subfield><subfield code="c">1980</subfield></datafield><datafield ind1=" " ind2=" " tag="300"><subfield code="a">282 p</subfield></datafield><datafield ind1=" " ind2=" " tag="700"><subfield code="a">Spinei, Fanica</subfield></datafield><datafield ind1=" " ind2=" " tag="852"><subfield code="a">621.3(076.8)</subfield></datafield><datafield ind1=" " ind2=" " tag="CAT"><subfield code="a">SYS</subfield><subfield code="c">20170221</subfield><subfield code="h">013351</subfield></datafield></record></collection>